@phdthesis{Corsi2005,
  author       = {Fulvio Corsi},
  title        = {Measuring and Modelling Realized Volatility: From Tick-by-Tick to Long Memory},
  school       = {University of Lugano},
  year         = {2005},
  type         = {PhD dissertation},
  address      = {Lugano, Switzerland},
  month        = {June},
  advisor      = {G. Barone-Adesi},
  note         = {Thesis Committee: Prof. G. Barone-Adesi, University of Lugano, Prof. T. Bollerlsev, Duke University, Prof. F. Audrino, University of Lugano}
}


@article{bennett2012measuring,
  title={Measuring Historical Volatility: Close-to-Close, Exponentially Weighted, Parkinson, Garman-Klass, Rogers-Satchell and Yang-Zhang Volatility},
  author={Bennett, Colin and Gil, Miguel A.},
  year={2012},
  institution={Santander Investment Securities Inc.},
  month={February},
  note={Accessed via internal research, Madrid},
}


@article{Ayache2024,
  author = {Elie Ayache},
  title = {What is Implied by Implied Volatility?},
  journal = {Wilmott Magazine},
  year = {2024},
}